@author{opt,
		author = "Gnu Optimize options",
		title = "http://gcc.gnu.org/onlinedocs/gcc/Optimize-Options.html",
}

@author{jos,
		author = "Jos√© Fonseca",
		title = "https://code.google.com/p/jrfonseca/wiki/Gprof2Dot"
}


@book{mat,
	author = "Peter Wentworth and Jeffrey Elkner and Allen B. Downey and Chris Meyers",
	title = "http://www.openbookproject.net/thinkcs/python/english3e/"
}
